<record><leader>00000cas a2200000 a 4500</leader><controlfield tag="001">8808048</controlfield><controlfield tag="008">820925d18761999inudn ne      0    0eng  </controlfield><datafield ind1=" " ind2=" " tag="010"><subfield code="a">sn 82015664 </subfield><subfield code="z">sn 82016220 </subfield></datafield><datafield ind1=" " ind2=" " tag="040"><subfield code="a">DLC</subfield><subfield code="b">eng</subfield><subfield code="c">DLC</subfield><subfield code="d">NPX</subfield><subfield code="d">NPU</subfield><subfield code="d">NPI</subfield><subfield code="d">OCL</subfield><subfield code="d">NPI</subfield><subfield code="d">DLC</subfield><subfield code="d">NPI</subfield><subfield code="d">KNP</subfield><subfield code="d">NVF</subfield><subfield code="d">NPI</subfield><subfield code="d">NVF</subfield><subfield code="d">NPI</subfield><subfield code="d">DLC</subfield><subfield code="d">NVF</subfield><subfield code="d">CUI</subfield><subfield code="d">DLC</subfield><subfield code="d">OCLCQ</subfield><subfield code="d">OCLCF</subfield><subfield code="d">XHS</subfield><subfield code="d">IUL</subfield></datafield><datafield ind1=" " ind2=" " tag="019"><subfield code="a">9244583</subfield></datafield><datafield ind1=" " ind2=" " tag="042"><subfield code="a">pcc</subfield></datafield><datafield ind1=" " ind2=" " tag="043"><subfield code="a">n-us-in</subfield></datafield><datafield ind1="0" ind2="0" tag="050"><subfield code="a">Newspaper</subfield></datafield><datafield ind1=" " ind2="4" tag="050"><subfield code="a">AN</subfield></datafield><datafield ind1="0" ind2="4" tag="082"><subfield code="a">070</subfield></datafield><datafield ind1="0" ind2=" " tag="130"><subfield code="a">Indianapolis news (Indianapolis, Ind. : Daily)</subfield></datafield><datafield ind1="1" ind2="4" tag="245"><subfield code="a">The Indianapolis news.</subfield></datafield><datafield ind1="1" ind2=" " tag="246"><subfield code="i">Published on July 4th, Labor Day, Thanksgiving, Christmas, New Year's Day, and Memorial Day, Nov. 25, 1994-&lt;Sept. 6, 1999&gt; as:</subfield><subfield code="a">Indianapolis the star &amp; the news</subfield></datafield><datafield ind1="1" ind2="7" tag="246"><subfield code="a">Indianapolis daily news</subfield><subfield code="f">1876-Sept. 15, 1877</subfield></datafield><datafield ind1=" " ind2=" " tag="260"><subfield code="a">Indianapolis, Ind. :</subfield><subfield code="b">John H. Holliday,</subfield><subfield code="c">1876-1999.</subfield></datafield><datafield ind1=" " ind2=" " tag="300"><subfield code="a">v.</subfield></datafield><datafield ind1=" " ind2=" " tag="310"><subfield code="a">Daily (except Sunday)</subfield></datafield><datafield ind1="0" ind2=" " tag="362"><subfield code="a">Vol. 7 no. 136 (May 9, 1876)- ; -130th year, no. 227 (Oct. 1, 1999) = Whole no. 2,001-40,487.</subfield></datafield><datafield ind1=" " ind2=" " tag="515"><subfield code="a">Numbering begins each year with no. 1.</subfield></datafield><datafield ind1=" " ind2=" " tag="515"><subfield code="a">Issues for May 9, 1876-Oct. 1, 1999 also called: whole no. 2,001-whole no. 40,487.</subfield></datafield><datafield ind1=" " ind2=" " tag="515"><subfield code="a">The Indianapolis the star &amp; the news has its own enumeration.</subfield></datafield><datafield ind1=" " ind2=" " tag="530"><subfield code="a">Also issued on microfilm from Micro Photo Division, Bell &amp; Howell Co., and University Microfilms International.</subfield></datafield><datafield ind1=" " ind2=" " tag="530"><subfield code="a">Also issued on CD as: CD news. The Indianapolis star/Indianapolis news.</subfield></datafield><datafield ind1=" " ind2=" " tag="580"><subfield code="a">Morning ed.: Indianapolis star (Indianapolis, Ind.) &lt;1948&gt;-1999.</subfield></datafield><datafield ind1=" " ind2=" " tag="580"><subfield code="a">Weekly eds.: Weekly news (Indianapolis, Ind.), 1870-Sept. 13, 1876, and: Indianapolis news (Indianapolis, Ind. : Weekly), 1876-1884.</subfield></datafield><datafield ind1=" " ind2=" " tag="580"><subfield code="a">Absorbed the weekday ed. of: Indianapolis sentinel (Indianapolis, Ind. : 1905).</subfield></datafield><datafield ind1=" " ind2="0" tag="651"><subfield code="a">Indianapolis (Ind.)</subfield><subfield code="v">Newspapers.</subfield></datafield><datafield ind1=" " ind2="0" tag="651"><subfield code="a">Marion County (Ind.)</subfield><subfield code="v">Newspapers.</subfield></datafield><datafield ind1=" " ind2="7" tag="651"><subfield code="a">Indiana</subfield><subfield code="z">Indianapolis.</subfield><subfield code="2">fast</subfield><subfield code="0">(OCoLC)fst01205182</subfield></datafield><datafield ind1=" " ind2="7" tag="651"><subfield code="a">Indiana</subfield><subfield code="z">Marion County.</subfield><subfield code="2">fast</subfield><subfield code="0">(OCoLC)fst01213920</subfield></datafield><datafield ind1=" " ind2="7" tag="655"><subfield code="a">Newspapers.</subfield><subfield code="2">fast</subfield><subfield code="0">(OCoLC)fst01423814</subfield></datafield><datafield ind1=" " ind2=" " tag="752"><subfield code="a">United States</subfield><subfield code="b">Indiana</subfield><subfield code="c">Marion</subfield><subfield code="d">Indianapolis.</subfield></datafield><datafield ind1="1" ind2=" " tag="775"><subfield code="t">Indianapolis star (Indianapolis, Ind.)</subfield><subfield code="w">(DLC)sn 83016001</subfield><subfield code="w">(OCoLC)7980466</subfield></datafield><datafield ind1="1" ind2=" " tag="775"><subfield code="t">Weekly news (Indianapolis, Ind.)</subfield><subfield code="w">(DLC)sn 84023959</subfield><subfield code="w">(OCoLC)11102805</subfield></datafield><datafield ind1="1" ind2=" " tag="775"><subfield code="t">Indianapolis news (Indianapolis, Ind. : Weekly)</subfield><subfield code="w">(DLC)sn 87056503</subfield><subfield code="w">(OCoLC)16187867</subfield></datafield><datafield ind1="1" ind2=" " tag="776"><subfield code="t">CD news. The Indianapolis star/Indianapolis news</subfield><subfield code="w">(OCoLC)34155263</subfield></datafield><datafield ind1="0" ind2="8" tag="776"><subfield code="i">Online version:</subfield><subfield code="t">Indianapolis news (Indianapolis, Ind. : Daily : Online)</subfield><subfield code="w">(OCoLC)192107330</subfield></datafield><datafield ind1="0" ind2="0" tag="780"><subfield code="t">Evening news (Indianapolis, Ind.)</subfield><subfield code="w">(DLC)sn 85047503</subfield><subfield code="w">(OCoLC)11634525</subfield></datafield><datafield ind1="0" ind2="5" tag="780"><subfield code="t">Indianapolis press (Indianapolis, Ind. : 1899)</subfield><subfield code="g">1901</subfield><subfield code="w">(DLC)sn 87056537</subfield><subfield code="w">(OCoLC)16310010</subfield></datafield><datafield ind1="1" ind2="6" tag="780"><subfield code="t">Indianapolis sentinel (Indianapolis, Ind. : 1905)</subfield><subfield code="w">(DLC)sn 87056410</subfield><subfield code="w">(OCoLC)16159628</subfield></datafield><datafield ind1="0" ind2="4" tag="785"><subfield code="t">Indianapolis star (Indianapolis, Ind.)</subfield><subfield code="w">(DLC)sn 83016001</subfield><subfield code="w">(OCoLC)7980466</subfield></datafield><datafield ind1="1" ind2=" " tag="029"><subfield code="a">AU@</subfield><subfield code="b">000020394151</subfield></datafield></record>